@article{russell2002,
  title={Artificial intelligence: a modern approach (International Edition)},
  author={Russell, Stuart J and Norvig, Peter},
  year={2002},
  publisher={$\{$Pearson US Imports \& PHIPEs$\}$}
}

@inproceedings{vokrinek2013,
  title={A cooperative driver model for traffic simulations},
  author={Vokrinek, Jir{\'\i} and Janovsky, Pavel and Faigl, Jan and Benda, Petr and Tango, Fabio and Pinotti, Daniele},
  booktitle={Industrial Informatics (INDIN), 2013 11th IEEE International Conference on},
  pages={756--761},
  year={2013},
  organization={IEEE}
}

@inproceedings{fernandes2010,
  title={Platooning of autonomous vehicles with intervehicle communications in SUMO traffic simulator},
  author={Fernandes, Pedro and Nunes, Urbano},
  booktitle={Intelligent Transportation Systems (ITSC), 2010 13th International IEEE Conference on},
  pages={1313--1318},
  year={2010},
  organization={IEEE}
}

@techreport{schaefer2011,
     title = {Noncooperative collision avoidance of road},
     author = {Schaefer Martin},
     year = {2011},
     institution = {Czech Technical University in Prague},
}

@techreport{shladover1979,
  title={Operation of automated guideway transit vehicles in dynamically reconfigured trains and platoons (extended summary)},
  author={Shladover, Steven E},
  year={1979}
}


@inproceedings{bergenhem2010challenges,
  title={Challenges of platooning on public motorways},
  author={Bergenhem, Carl and Huang, Qihui and Benmimoun, Ahmed and Robinson, Tom},
  booktitle={17th World Congress on Intelligent Transport Systems},
  pages={1--12},
  year={2010}
}

@inproceedings{zabat1995estimates,
  title={Estimates of fuel savings from platooning},
  author={Zabat, MA and Stabile, NS and Browand, FK},
  booktitle={Intelligent Transportation: Serving the User Through Deployment. Proceedings of the 1995 Annual Meeting of ITS America.},
  year={1995}
}

@article{browand2000platoon,
  title={PLATOON TRAVEL SAVES FUEL--HOW MUCH?},
  author={Browand, Fred and Michaelian, Mark},
  journal={Intellimotion. Vol. 9, no. 2},
  year={2000}
}


@article{dao2013strategy,
  title={A strategy for optimisation of cooperative platoon formation},
  author={Dao, Thanh-Son and Huissoon, Jan Paul and Clark, Christopher Michael},
  journal={International Journal of Vehicle Information and Communication Systems},
  volume={3},
  number={1},
  pages={28--43},
  year={2013},
  publisher={Inderscience}
}